@MISC{website:jgap,
    AUTHOR       = "Meffert, Klaus et al.",
    TITLE        = "JGAP - Java Genetic Algorithms and Genetic Programming Package",
    YEAR         = 2009,
    HOWPUBLISHED = "\url{http://jgap.sf.net}"
}

@MISC{website:jenes,
    AUTHOR       = "CISELab",
    TITLE        = "Jenes",
    YEAR         = 2009,
    HOWPUBLISHED = "\url{http://jenes.ciselab.org}"
}

